@article{Karlen2019,
	Author = "Karlen, Niklas",
	Title = "Turning off the Taps: The Termination of State Sponsorship",
	Journal = "Terrorism and Political Violence",
	Volume = "31",
	Number = "4",
	Pages = "733--758",
	Year = 2019 }

@article {King2015,
	title = {How Robust Standard Errors Expose Methodological Problems They Do Not Fix, and What to Do About It},
	journal = {Political Analysis},
	volume = {23},
	number = {2},
	year = {2015},
	pages = {159--179},
	url = {http://pan.oxfordjournals.org/content/23/2/159},
	author = {Gary King and Margaret E. Roberts}}

@book{SanAkca2016,
	Author = "San-Akca, Belgin",
	Title = "States in Disguise: Causes of State Support for Rebel Groups",
	Publisher = "Oxford University Press",
	Address = "New York",
	Year =  2016 }

@article{Popovic2017,
	Author = "Popovic, Milos",
	Title = "Fragile Proxies, Explaining Rebel Defection Against Their State Sponsors",
	Journal = "Terrorism and Political Violence",
	Volume = "29",
	Number = "5",
	Pages = "922--942",
	Year =  2017 }